<record xmlns="http://www.loc.gov/MARC21/slim" xmlns:xsi="http://www.w3.org/2001/XMLSchema-instance" xsi:schemaLocation="http://www.loc.gov/MARC21/slim http://www.loc.gov/standards/marcxml/schema/MARC21slim.xsd"><leader>00037nz   2200037n  4500</leader><controlfield tag="001">DNB|102404321</controlfield><controlfield tag="003">DNB</controlfield><controlfield tag="005">20080405190931.0</controlfield><controlfield tag="008">930416n||aznnnabbn           | aaa    |c</controlfield><datafield ind1=" " ind2=" " tag="035"><subfield code="a">(DE-101)102404321</subfield></datafield><datafield ind1=" " ind2=" " tag="035"><subfield code="a">(DE-588a)102404321</subfield></datafield><datafield ind1=" " ind2=" " tag="035"><subfield code="a">(DE-588c)4794116-9</subfield></datafield><datafield ind1=" " ind2=" " tag="040"><subfield code="a">DE-12</subfield><subfield code="b">ger</subfield><subfield code="c">DE-101</subfield><subfield code="e">rakwb</subfield><subfield code="d">9999</subfield></datafield><datafield ind1=" " ind2=" " tag="043"><subfield code="c">XS</subfield></datafield><datafield ind1=" " ind2=" " tag="065"><subfield code="2">sswd</subfield><subfield code="a">12.2p</subfield></datafield><datafield ind1=" " ind2=" " tag="079"><subfield code="a">p</subfield><subfield code="q">f</subfield><subfield code="q">p</subfield><subfield code="q">t</subfield><subfield code="q">s</subfield><subfield code="t">12-PAN</subfield></datafield><datafield ind1="0" ind2=" " tag="100"><subfield code="a">Praxilla</subfield><subfield code="c">Sicyonia</subfield><subfield code="d">5. Jh. v. Chr.</subfield></datafield><datafield ind1="0" ind2=" " tag="400"><subfield code="a">Praxilla</subfield><subfield code="c">von Sikyon</subfield><subfield code="d">5. Jh. v. Chr.</subfield></datafield><datafield ind1="0" ind2=" " tag="400"><subfield code="a">Praxilla</subfield><subfield code="c">Lyrica</subfield><subfield code="d">5. Jh. v. Chr.</subfield></datafield><datafield ind1="0" ind2=" " tag="400"><subfield code="a">Praxilla</subfield><subfield code="c">Dichterin</subfield><subfield code="d">5. Jh. v. Chr.</subfield></datafield><datafield ind1="0" ind2=" " tag="400"><subfield code="a">Praxilla</subfield><subfield code="c">of Sicyon</subfield><subfield code="d">5. Jh. v. Chr.</subfield></datafield><datafield ind1="0" ind2=" " tag="400"><subfield code="a">Prassilla</subfield><subfield code="c">di Sicione</subfield><subfield code="d">5. Jh. v. Chr.</subfield></datafield><datafield ind1="0" ind2=" " tag="400"><subfield code="a">Prassilla</subfield><subfield code="c">Poetessa</subfield><subfield code="d">5. Jh. v. Chr.</subfield></datafield><datafield ind1="0" ind2=" " tag="400"><subfield code="a">Praxilla</subfield><subfield code="c">Syconia</subfield><subfield code="d">5. Jh. v. Chr.</subfield></datafield><datafield ind1="0" ind2=" " tag="400"><subfield code="a">Praxilla</subfield><subfield code="d">5. Jh. v. Chr.</subfield></datafield><datafield ind1=" " ind2=" " tag="549"><subfield code="w">i</subfield><subfield code="i">Lebensdaten</subfield><subfield code="a">5. Jh. v. Chr.</subfield></datafield><datafield ind1=" " ind2=" " tag="678"><subfield code="a">Griech. Dichterin</subfield></datafield><datafield ind1=" " ind2=" " tag="692"><subfield code="a">Praxillae Sicyoniae carmina. - 1734</subfield></datafield><datafield ind1=" " ind2=" " tag="910"><subfield code="a">e sicyoniae carmina</subfield><subfield code="9">1</subfield></datafield><datafield ind1=" " ind2=" " tag="922"><subfield code="a">gr</subfield><subfield code="9">1</subfield></datafield><datafield ind1=" " ind2=" " tag="943"><subfield code="a">173x</subfield><subfield code="9">1</subfield></datafield><datafield ind1=" " ind2=" " tag="996"><subfield code="2">WKP|wp Praxilla</subfield></datafield><datafield ind1=" " ind2=" " tag="997"><subfield code="a">-400 0 flourished</subfield><subfield code="9">1</subfield></datafield></record>